810 1090
70 67 30 11 Esto
106 70 14 8 es
127 70 25 8 una
159 66 49 15 prueba
215 70 30 11 para
252 66 11 12 la
269 66 49 12 lectura
329 66 17 12 de
352 66 58 12 archivos
416 70 25 8 con
448 66 53 15 Python,
507 66 39 12 fecha
552 66 65 12 veintid\xc3\xa9s
623 66 17 12 de
646 66 76 13 noviembre
733 66 21 13 del

70 89 24 12 dos
99 89 20 12 mil
124 89 69 13 veintid\xc3\xa9s.
198 90 38 14 Estoy
240 93 24 8 con
270 89 10 12 la
285 91 90 13 sarapastrosa
380 89 24 12 ella
409 91 28 10 esta
443 89 64 13 haciendo
512 89 18 12 las
535 89 70 12 interfaces
612 89 34 15 ojala
651 89 11 12 lo
667 89 33 15 haga
705 89 49 15 rapido.

70 126 11 12 El
90 126 67 15 ingenioso
166 126 51 15 hidalgo
225 126 26 13 don
259 126 53 15 Quijote
320 126 16 13 de
345 126 10 13 la
364 126 56 12 Mancha
435 130 14 8 es
457 126 11 12 la
476 126 32 12 obra
516 126 54 12 cumbre
578 126 17 13 de
603 126 48 16 Miguel
659 126 17 13 de
684 127 70 11 Cervantes

70 149 69 15 Saavedra,
144 153 7 12 y
157 153 25 9 una
187 149 17 12 de
210 149 18 12 las
233 149 39 12 obras
278 149 28 12 m\xc3\xa9s
311 149 79 15 influyentes
395 149 17 12 de
418 149 10 12 la
434 149 66 12 literatura
505 149 68 15 espafiola.
578 149 61 15 Adem\xc3\xa9s,
649 153 14 8 se
669 149 12 13 le
686 149 68 13 considera

70 173 11 13 la
91 173 56 15 primera
157 173 47 13 novela
214 173 68 13 moderna.
292 173 60 12 Consiste
362 177 16 9 en
389 173 24 12 dos
423 175 44 13 partes
485 177 27 11 que
522 177 14 8 se
546 173 75 15 publicaron
631 177 17 9 en
659 174 34 12 1605
702 177 8 11 y
720 174 34 12 1615

70 196 124 16 respectivamente.

70 233 28 11 Esta
106 232 32 13 obra
146 236 14 9 es
168 236 25 8 una
202 232 53 15 parodia
263 232 17 12 de
288 232 19 13 los
315 232 38 13 libros
360 232 17 12 de
384 232 73 13 caballeria.
465 233 16 12 En
489 234 29 11 esta
526 232 61 13 abundan
596 232 18 13 los
622 236 55 9 sucesos
684 232 70 15 graciosos,

70 260 53 11 aunque
128 260 23 8 esa
157 256 10 13 la
172 260 23 9 vez
200 260 25 9 una
231 256 31 13 dura
267 256 43 13 critica
315 256 17 13 de
337 256 10 13 la
353 256 62 13 sociedad
420 256 63 15 espafiola
489 256 16 12 de
511 256 10 13 la
527 256 46 15 \xc3\xa9poca.
578 257 16 11 Su
599 256 99 13 trascendencia
704 256 28 13 esta
738 260 16 8 en

70 283 26 11 que
101 283 24 9 nos
130 279 32 13 hace
167 279 77 13 reflexionar
248 279 40 13 sobre
293 279 18 13 los
315 279 57 16 grandes
379 281 44 11 temas
427 279 17 13 de
449 279 10 13 la
464 279 68 13 condici\xc3\xa9n
538 279 61 15 humana,
604 283 39 9 como
648 279 10 12 la
663 279 17 15 fe,
686 279 10 12 la
700 279 54 15 justicia,

70 302 11 12 la
87 302 57 13 realidad
149 306 7 12 y
161 302 11 13 el
178 306 41 9 amor.
225 303 28 12 Esta
259 302 46 13 resefia
311 302 17 13 de
334 303 27 12 Don
367 302 52 15 Quijote
428 304 14 11 te
447 302 31 13 dara
484 306 25 9 una
515 302 39 13 breve
560 302 89 13 introducci\xc3\xa9n
655 302 11 13 al
671 304 83 14 argumento,

70 326 19 13 los
94 328 43 11 temas
143 326 81 16 principales,
234 326 10 13 la
250 328 73 11 estructura
328 330 8 12 y
341 326 11 13 el
357 326 38 13 estilo
401 326 17 12 de
423 328 28 11 esta
456 330 32 11 gran
493 326 36 13 obra.

70 362 11 13 El
87 364 78 13 argumento

70 399 28 12 Esta
105 402 14 9 es
126 398 10 13 la
143 398 53 13 historia
202 398 17 13 de
225 402 17 9 un
249 398 51 16 hidalgo
306 398 17 13 de
329 398 11 13 la
347 398 56 13 Mancha
409 398 17 13 de
432 402 34 9 unos
472 399 17 12 50
494 398 33 13 afios
533 398 17 13 de
556 398 35 13 edad
598 402 29 12 que,
634 400 26 11 tras
667 398 26 13 leer
699 398 56 13 muchos

70 422 39 13 libros
115 422 17 13 de
138 422 73 15 caballeria,
218 426 16 9 un
241 422 50 16 g\xc3\xa9nero
297 422 55 15 popular
358 426 17 8 en
381 422 32 16 siglo
419 423 27 14 XVI,
452 422 47 13 decide
505 422 77 13 disfrazarse
588 422 17 13 de
612 422 65 13 caballero
683 422 58 13 andante
747 426 7 12 y

70 445 84 13 embarcarse
158 449 17 9 en
180 449 25 9 una
211 445 33 13 serie
249 445 16 13 de
270 447 70 11 aventuras
345 445 11 13 al
362 445 29 13 lado
396 445 17 13 de
417 449 15 9 su
437 445 33 16 viejo
475 445 50 13 caballo
534 445 74 13 Rocinante.
613 445 39 13 Tiene
656 449 40 9 como
700 445 18 13 fin
723 445 31 13 "irse

70 472 24 12 por
98 468 33 13 todo
135 468 12 13 el
152 468 50 13 mundo
207 472 24 9 con
236 472 22 9 sus
263 472 43 9 armas
310 472 7 12 y
322 468 50 13 caballo
380 472 7 9 a
392 468 47 13 buscar
443 468 18 13 las
466 470 70 11 aventuras
540 472 8 12 y
552 472 7 9 a
564 468 75 16 ejercitarse
644 472 16 9 en
665 468 33 13 todo
702 468 52 16 aquello

70 496 26 12 que
103 492 12 13 \xc3\xa9l
123 492 38 13 habia
169 492 34 13 leido
217 496 26 12 que
251 492 18 13 los
277 492 72 13 caballeros
356 492 66 13 andantes
429 496 14 9 se
451 492 84 16 ejercitaban,
543 492 90 13 deshaciendo
640 492 33 13 todo
680 492 50 16 g\xc3\xa9nero
737 492 17 13 de

70 515 52 16 agravio
128 519 8 12 y
143 515 83 16 poni\xc3\xa9ndose
233 519 17 9 en
257 515 70 13 ocasiones
340 519 7 12 y
354 515 49 16 peligro
410 515 49 16 donde,
466 515 94 16 acabandolos,
567 515 56 13 cobrase
630 517 47 11 eterno
685 515 55 13 nombre
747 519 8 12 y

69 539 43 13 fama"
118 539 42 16 (Parte
166 540 11 14 1,
183 540 30 15 Cap.
220 539 16 15 1).

70 575 69 16 Siguiendo
148 575 10 13 la
166 575 64 13 tradici\xc3\xa9n
238 575 91 15 caballeresca,
338 575 26 13 don
372 575 53 16 Quijote
433 579 14 9 se
455 575 88 13 encomienda
551 579 7 9 a
567 575 60 13 Dulcinea
635 575 21 13 del
664 575 56 16 Toboso,
729 579 25 9 una

70 598 40 16 figura
117 598 73 16 imaginada
197 602 24 12 por
226 598 12 13 el
245 598 94 16 protagonista,
346 602 7 9 a
359 598 40 16 quien
405 598 12 13 \xc3\xa9l
423 602 16 9 ve
445 602 39 9 como
491 602 25 9 una
523 598 62 13 hermosa
586 588 8 30 y
604 598 61 16 elegante
672 598 43 15 dama,
722 602 32 12 pero

70 626 26 11 que
103 626 16 9 en
126 622 58 13 realidad
190 626 15 9 es
212 626 25 9 una
244 622 46 16 simple
296 622 76 15 campesina
379 622 55 13 llamada
441 622 56 13 Aldonza
505 623 59 12 Lorenzo.
572 623 16 12 En
595 622 11 13 el
614 622 49 13 mundo
670 622 21 13 del
698 622 56 16 Quijote,

70 645 34 13 nada
111 649 14 9 es
132 645 12 13 lo
150 649 26 11 que
183 647 63 13 aparenta
253 649 25 9 ser.
285 646 22 12 Los
314 645 56 13 molinos
381 645 17 13 de
404 645 44 13 viento
460 649 24 9 son
491 645 63 16 gigantes,
561 645 18 13 las
585 647 47 11 ventas
638 649 24 9 son
669 645 60 16 castillos,
736 645 18 13 las

70 668 63 16 plebeyas
141 672 24 9 son
174 668 70 16 princesas,
252 672 7 12 y
267 668 19 13 los
294 668 46 13 titeres
348 672 24 9 son
381 672 48 9 moros.
438 669 58 12 Durante
504 672 22 9 sus
534 668 66 13 andanzas
609 668 18 13 los
636 668 58 13 caminos
702 668 17 13 de
727 668 27 13 don

70 692 52 16 Quijote
127 696 7 12 y
139 692 51 13 Sancho
196 693 44 14 Panza,
246 696 15 9 su
266 692 69 16 escudero,
341 696 14 9 se
360 696 46 9 cruzan
412 696 24 9 con
442 694 36 11 otros
488 692 76 16 personajes
569 696 27 12 que
601 694 57 11 cuentan
663 696 22 9 sus
691 692 63 13 historias.

70 716 19 12 No
96 715 40 13 todas
143 715 18 13 las
169 717 70 11 aventuras
246 719 24 9 son
278 715 70 13 divertidas
355 715 11 13 ni
374 715 70 16 graciosas:
451 719 17 9 en
476 715 57 16 algunas,
541 715 104 16 especialmente
652 719 17 9 en
677 715 10 13 la
695 715 59 16 segunda

70 740 41 14 parte,
117 738 26 13 don
148 738 52 16 Quijote
205 742 7 12 y
217 738 50 13 Sancho
272 739 41 12 Panza
318 742 14 9 se
337 738 76 13 convierten
418 742 16 9 en
440 738 18 13 los
463 738 54 13 blancos
522 738 16 13 de
544 738 42 13 burlas
591 742 7 12 y
602 738 63 16 engafios.
670 738 13 13 Al
688 738 35 16 final,
728 738 26 13 don

70 762 52 16 Quijote
130 766 15 12 ya
153 766 17 9 no
177 766 15 9 es
199 762 12 13 el
219 762 69 16 personaje
296 762 51 13 c\xc3\xa9mico
354 766 7 12 y
369 762 63 13 burlesco.
440 762 58 13 Vencido
506 766 23 12 por
536 762 12 13 el
555 762 82 16 desengafio,
645 762 11 13 el
664 762 90 16 protagonista

70 789 63 11 recupera
139 785 11 13 la
155 785 55 13 cordura
216 789 34 11 poco
255 787 38 11 antes
299 785 17 13 de
321 785 39 13 morir
365 789 16 9 en
387 789 15 9 su
407 789 35 9 casa.

70 821 38 13 Estilo
113 825 7 12 y
125 823 73 11 estructura

70 858 66 13 Lanovela
142 862 14 9 se
161 858 42 13 divide
208 862 17 9 en
230 858 24 13 dos
259 860 49 14 tomos,
313 858 17 13 de
335 859 16 12 52
356 862 8 12 y
369 859 16 12 74
390 858 64 16 capitulos
459 858 123 16 respectivamente.
592 859 36 12 Estos
634 862 46 9 narran
685 858 11 13 la
702 858 52 13 historia

70 881 17 13 de
96 885 16 9 un
122 881 51 16 hidalgo
182 881 74 16 manchego
264 881 11 13 al
284 881 38 13 estilo
331 881 16 13 de
356 881 18 13 las
383 881 54 13 novelas
445 881 98 13 caballerescas.
553 882 15 12 Se
577 885 75 9 reconocen
660 881 59 13 tambi\xc3\xa9n
728 883 26 11 tres

70 904 61 13 "salidas"
138 908 16 9 en
161 904 40 13 busca
207 904 17 13 de
230 906 75 11 aventuras:
317 904 11 13 la
335 904 55 16 primera
396 904 47 13 abarca
450 904 20 13 del
477 904 57 16 capitulo
541 905 6 12 1
554 904 11 13 al
572 905 11 14 8,
591 904 10 13 la
608 904 58 16 segunda
673 904 11 13 el
691 906 36 11 resto
733 904 21 13 del

70 928 48 16 primer
123 928 26 16 (del
154 928 57 16 capitulo
216 929 8 12 8
229 928 11 13 al
246 928 26 16 52),
277 932 8 12 y
290 928 11 13 la
306 930 51 11 tercera
362 932 43 12 ocupa
410 928 33 13 todo
448 928 12 13 el
465 928 60 16 segundo
534 930 42 11 tomo.

70 965 28 12 Esta
103 964 32 13 obra
141 968 14 9 se
160 968 37 9 narra
202 968 17 9 en
224 964 55 16 primera
285 968 61 12 persona,
351 968 53 12 aunque
409 968 56 12 aparece
471 964 10 13 la
486 966 51 11 tercera
546 968 57 12 persona
608 968 16 9 en
630 964 10 13 la
646 968 45 12 mayor
696 966 37 14 parte
738 964 16 13 de

70 988 11 13 la
87 988 50 13 novela.
144 989 27 12 Una
177 988 17 13 de
200 988 17 13 las
223 992 40 12 pocas
269 988 70 13 instancias
344 992 16 9 en
367 988 18 13 las
390 992 26 12 que
421 992 15 9 se
442 988 52 16 percibe
504 988 11 13 la
521 988 67 13 narraci\xc3\xa9n
593 992 17 9 en
616 988 55 16 primera
678 992 56 12 persona
740 992 14 9 es

70 1011 11 13 la
86 1011 81 13 famosisima
173 1011 55 16 primera
234 1011 33 13 linea
272 1011 17 13 de
295 1011 10 13 la
311 1011 51 13 novela:
368 1011 23 13 "En
397 1015 17 9 un
420 1011 35 16 lugar
460 1011 16 13 de
482 1011 11 13 la
499 1011 60 15 Mancha,
565 1011 17 13 de
587 1015 33 12 cuyo
626 1011 55 13 nombre
687 1015 16 9 no
709 1011 45 16 quiero

70 1034 77 13 acordarme
157 1034 26 13 ..."
189 1034 42 16 (Parte
237 1035 11 15 1,
254 1035 29 15 Cap.
290 1034 16 16 1).
312 1035 23 12 Por
341 1036 29 11 otro
376 1034 33 15 lado,
415 1034 77 16 predomina
497 1034 12 13 el
514 1034 56 16 didlogo,
576 1034 103 16 especialmente
685 1036 37 11 entre
728 1034 26 13 don

70 1058 52 16 Quijote
127 1062 8 12 y
140 1058 51 13 Sancho
196 1059 45 12 Panza.
